@misc{ihsmarkit,
    author    = "IHS Markit",
    title     = "Iot Trend Watch 2017",
    url       = "https://cdn.ihs.com/www/pdf/IoT-trend-watch-2017.pdf"
}

@article{whatwill5gbe,
    author =       "J. Andrews et al",
    title =        "What Will 5G Be?",
    journal =      "IEEE Journal on Selected Areas in Communications",
    volume =       "32",
    number =       "6",
    pages =        "1065-1082",
    year =         "2014",
    DOI =          "10.1109/JSAC.2014.2328098"
}
